@misc{PostNewtonian.jl,
  author =       {Michael Boyle <michael.oliver.boyle@gmail.com> and contributors},
  title =        {PostNewtonian.jl},
  version =      {v0.1.0},
  year =         2022,
  month =        5,
  doi =          {10.5281/zenodo.6847321},
  url =          {https://doi.org/10.5281/zenodo.6847321}
}
